@inproceedings{orkin2006three,
  title={Three states and a plan: the AI of FEAR},
  author={Orkin, Jeff},
  booktitle={Game Developers Conference},
  volume={2006},
  pages={4},
  year={2006}
}

@inproceedings{bennewitz2001optimizing,
  title={Optimizing schedules for prioritized path planning of multi-robot systems},
  author={Bennewitz, Maren and Burgard, Wolfram and Thrun, Sebastian},
  booktitle={Robotics and Automation, 2001. Proceedings 2001 ICRA. IEEE International Conference on},
  volume={1},
  pages={271--276},
  year={2001},
  organization={IEEE}
}

@inproceedings{van2005prioritized,
  title={Prioritized motion planning for multiple robots},
  author={Van Den Berg, Jur P and Overmars, Mark H},
  booktitle={Intelligent Robots and Systems, 2005.(IROS 2005). 2005 IEEE/RSJ International Conference on},
  pages={430--435},
  year={2005},
  organization={IEEE}
}

@article{erdmann1987multiple,
  title={On multiple moving objects},
  author={Erdmann, Michael and Lozano-Perez, Tomas},
  journal={Algorithmica},
  volume={2},
  number={1-4},
  pages={477--521},
  year={1987},
  publisher={Springer}
}

@book{russell2009modern,
 author = {Russell, Stuart and Norvig, Peter},
 title = {Artificial Intelligence: A Modern Approach},
 year = {2009},
 isbn = {0136042597, 9780136042594},
 edition = {3rd},
 publisher = {Prentice Hall Press},
 address = {Upper Saddle River, NJ, USA},
}

@book{geffner2013concise,
  title={A Concise Introduction to Models and Methods for Automated Planning},
  author={Geffner, H. and Bonet, B.},
  isbn={9781608459698},
  series={Synthesis lectures on artificial intelligence and machine learning},
  year={2013},
  publisher={Morgan \& Claypool}
}

@article{ephrati1994divide,
  title={Divide and Conquer in Multi-agent Planning},
  author={Ephrati, Eithan and Rosenschein, Jeffrey S},
  year={1994},
  booktitle={AAAI},
  volume={1},
  number={375},
  pages={80}
}

@book{knoblock1994generating,
  title={Generating parallel execution plans with a partial order planner},
  author={Knoblock, Craig A},
  year={1994},
  publisher={University of Southern California, Information Sciences Institute}
}

@misc{pathfinding2016redblobgames,
  title={{Amitâ€™s A* Pages}},
  howpublished={\url{http://theory.stanford.edu/~amitp/GameProgramming/}},
  author={Patel, A.},
  note={Viewed in April, 2016},
  month={May},
  year={2016}
}
